@PhdThesis{Beugre10,
  author = 	 {D. A. Beugre},
  title = 	 {Étude de l'écoulement d'un fluide dans
	des géometries complexes rencontrées en Génie Chimique par la méthode de
	Boltzmann sur réseau},
  school = 	 {Université de Liège},
  year = 	 {2010}
}

@PhdThesis{Dethier11,
  author = 	 {G. Dethier},
  title = 	 {Design and Implementation of a Distributed Lattice Boltzmann-based
  Fluid Flow Simulation Tool},
  school = 	 {Université de Liège},
  year = 	 {2011}
}
